@article{frey,
   author={Carl Benedikt Frey and Michael A. Osborne},
   title={THE FUTURE OF EMPLOYMENT: HOW SUSCEPTIBLE ARE JOBS TO COMPUTERISATION?},
   journal={Unknown journal},
   volume={Unknown volume},
   year = 2013
}